
@misc{_everything_????,
	title = {Everything You Thought You Knew About Learning Is Wrong},
	url = {http://www.psychologytoday.com/blog/brain-candy/201201/everything-you-thought-you-knew-about-learning-is-wrong},
	abstract = {How, and how {NOT}, to learn anything},
	urldate = {2012-05-15},
	keywords = {amount of time, bjork, brain, caveat, Education, european capitals, footwork, good fortune, greater than the sum, Intelligence, leap, leaps, learning, learning environment, learning process, Memory, Psychology, Psychology Today, renowned expert, Robert Bjork, small steps, smashes, study material, Sundem, tennis, ucla},
	howpublished = {http://www.psychologytoday.com/blog/brain-candy/201201/everything-you-thought-you-knew-about-learning-is-wrong}
},

@article{wolf_want_2008,
	title = {Want to Remember Everything You'll Ever Learn? Surrender to This Algorithm},
	volume = {16},
	shorttitle = {Want to Remember Everything You'll Ever Learn?},
	url = {http://www.wired.com/medtech/health/magazine/16-05/ff_wozniak?currentPage=all},
	abstract = {Piotr Wozniak has a technique to turn people into geniuses, and a portion of the technique is in a software program called {SuperMemo.} Users around the world apply it to learning languages and gaining language fluency. {SuperMemo} is based on the insight that there is an ideal moment to practice what you've learned.},
	number = {05},
	urldate = {2012-10-14},
	journal = {{WIRED}},
	author = {Wolf, Gary},
	month = apr,
	year = {2008}
},

@article{karatzoglou_support_2006,
	title = {Support Vector Machines in R},
	volume = {15},
	url = {http://www.jstatsoft.org/v15/i09/paper},
	abstract = {Being among the most popular and eÔ¨Écient classiÔ¨Åcation and regression methods
currently available, implementations of support vector machines exist in almost every
popular programming language. Currently four R packages contain {SVM} related software.
The purpose of this paper is to present and compare these implementations},
	number = {9},
	journal = {Journal of Statistical Software},
	author = {Karatzoglou, Alexandros and Meyer, David and Hornik, Kurt},
	month = apr,
	year = {2006}
},

@phdthesis{wozniak_optimization_1990,
	title = {Optimization of learning},
	url = {http://www.supermemo.com/english/ol.htm},
	school = {University of Technology in Poznan},
	author = {Wozniak, Piotr},
	year = {1990}
},

@misc{ebbinghaus_memory:_1913,
	title = {Memory: a contribution to experimental psychology},
	shorttitle = {Memory: A Contribution to Experimental Psychology},
	url = {http://archive.org/details/memorycontributi00ebbiuoft},
	abstract = {Translation of Uber dea Ged√§chtnis},
	urldate = {2012-10-16},
	author = {Ebbinghaus, Hermann},
	year = {1913},
	howpublished = {http://archive.org/details/memorycontributi00ebbiuoft}
},

@article{toppino_spacing_2002,
	title = {The spacing effect, free recall, and two-process theory: A closer look.},
	volume = {28},
	issn = {1939-1285, 0278-7393},
	shorttitle = {The spacing effect, free recall, and two-process theory},
	url = {http://psycnet.apa.org/journals/xlm/28/3/437},
	doi = {10.1037/0278-7393.28.3.437},
	number = {3},
	urldate = {2012-10-16},
	journal = {Journal of Experimental Psychology: Learning, Memory, and Cognition},
	author = {Toppino, Thomas C. and Bloom, Lance C.},
	year = {2002},
	pages = {437--444}
},

@article{bachle_ruby_2007,
	title = {Ruby on Rails},
	volume = {24},
	issn = {0740-7459},
	doi = {10.1109/MS.2007.176},
	number = {6},
	journal = {Software, {IEEE}},
	author = {Bachle, M. and Kirchberg, P.},
	month = dec,
	year = {2007},
	keywords = {2.0, {architecture;Ruby}, {framework;Java;Web}, framework;object-oriented, Java, language;open, on, programming, programming;, {Rail;Web}, Ruby, services;object-oriented, source},
	pages = {105 --108}
},

@book{scott_chacon_pro_2009,
	edition = {1st edition},
	title = {Pro Git},
	publisher = {Apress},
	author = {{{Scott} Chacon}},
	year = {2009}
},

@online{peter_bienstman_mnemosyne_2012,
	title = {The Mnemosyne Project - Principles},
	url = {http://www.mnemosyne-proj.org/principles.php},
	urldate = {2012-08-23},
	author = {{{Peter} Bienstman}},
	year = {2012}
},

@online{peter_bienstman_principles_2012,
	title = {Principles {\textbar} The Mnemosyne Project},
	url = {http://www.mnemosyne-proj.org/principles.php},
	urldate = {2012-08-23},
	author = {{{Peter} Bienstman}},
	year = {2012}
},

@book{carneiro_jr._beginning_2010,
	edition = {1st edition},
	title = {Beginning Rails 3},
	publisher = {Apress},
	author = {Carneiro Jr., Cloves and {{Rida} Al Barazi}},
	year = {2010}
},

@online{zornig_ceit_2012,
	title = {{CEIT} Project Methodology},
	url = {http://ceit.uq.edu.au/content/ceit-project-methodology},
	urldate = {2012-10-20},
	journal = {{CEIT} Blog},
	author = {Zornig, John},
	month = jan,
	year = {2012}
}

@online{stackoverflow_highcharts_2012,
	url = {http://stackoverflow.com/a/1826573/80393},
	urldate = {2012-10-26},
	title = {JavaScript Chart Library},
	author = {Hønsi, Torstein},
	year = {2011}
}